@book{gentle,
  title={Random Number Generation and Monte Carlo Methods},
  author={Gentle, J.E.},
  isbn={9780387001784},
  lccn={2003042437},
  series={Statistics and Computing},
  url={https://books.google.es/books?id=8sV\_nuXolycC},
  year={2004},
  publisher={Springer New York}
}
@misc{rdevel,
  title = {Código fuente de R},
  howpublished = "\url{https://github.com/wch/r-source}",
}

@misc{dieharder,
  title = {Batería de tests de números pseudoaleatorios \emph{DIEHARDER}},
  howpublished = "\url{https://www.phy.duke.edu/~rgb/General/dieharder.php}",
}
@misc{IEEE,
  title={Estándar IEEE 754-2008 de números en punto flotante},
  howpublished=
    "\url{http://ieeexplore.ieee.org/xpl/articleDetails.jsp?arnumber=4610935&filter=AND%28p_Publication_Number:4610933%29}"
}

@article{expon,
  title={Computer methods for sampling from the exponential and normal distributions},
  author={Ahrens, Joachim H. and Dieter, Ulrich},
  journal={Communications of the ACM},
  volume={15},
  number={10},
  pages={873--882},
  year={1972},
  publisher={ACM}
}

@article{MT,
  title={Mersenne twister: a 623-dimensionally equidistributed uniform pseudo-random number generator},
  author={Matsumoto, Makoto and Nishimura, Takuji},
  journal={ACM Transactions on Modeling and Computer Simulation (TOMACS)},
  volume={8},
  number={1},
  pages={3--30},
  year={1998},
  publisher={ACM}
}
